<record><leader>00000cas a2200000 a 4500</leader><controlfield tag="001">11026114</controlfield><controlfield tag="008">840807d18531914ohuwr ne      0    0eng c</controlfield><datafield ind1=" " ind2=" " tag="010"><subfield code="a">sn 84028410 </subfield></datafield><datafield ind1=" " ind2=" " tag="040"><subfield code="a">NPY</subfield><subfield code="b">eng</subfield><subfield code="c">NPY</subfield><subfield code="d">NPV</subfield><subfield code="d">NPA</subfield><subfield code="d">ONP</subfield><subfield code="d">OBN</subfield><subfield code="d">OCL</subfield><subfield code="d">NVF</subfield><subfield code="d">OCLCQ</subfield><subfield code="d">OCLCF</subfield><subfield code="d">OCLCO</subfield></datafield><datafield ind1="1" ind2=" " tag="029"><subfield code="a">AU@</subfield><subfield code="b">000020342295</subfield></datafield><datafield ind1=" " ind2=" " tag="042"><subfield code="a">pcc</subfield></datafield><datafield ind1=" " ind2=" " tag="043"><subfield code="a">n-us-oh</subfield></datafield><datafield ind1="0" ind2=" " tag="130"><subfield code="a">Norwalk reflector (Norwalk, Ohio : 1853)</subfield></datafield><datafield ind1="1" ind2="0" tag="245"><subfield code="a">Norwalk reflector.</subfield></datafield><datafield ind1="1" ind2=" " tag="246"><subfield code="i">Published Sept. 29, 1875-Oct. 1, 1875 as:</subfield><subfield code="a">Norwalk daily reflector</subfield></datafield><datafield ind1=" " ind2=" " tag="260"><subfield code="a">Norwalk, Ohio :</subfield><subfield code="b">C.A. Preston &amp; F. Wickham,</subfield><subfield code="c">1853-1914.</subfield></datafield><datafield ind1=" " ind2=" " tag="300"><subfield code="a">v.</subfield></datafield><datafield ind1=" " ind2=" " tag="310"><subfield code="a">Weekly,</subfield><subfield code="b">Oct. 6, 1875-Mar. 11, 1914</subfield></datafield><datafield ind1=" " ind2=" " tag="321"><subfield code="a">Weekly,</subfield><subfield code="b">July 26, 1853-Sept. 29, 1875</subfield></datafield><datafield ind1=" " ind2=" " tag="321"><subfield code="a">Daily,</subfield><subfield code="b">Sept. 29, 1875-Oct. 1, 1875</subfield></datafield><datafield ind1="0" ind2=" " tag="362"><subfield code="a">Vol. 24, no. 29 (July 26, 1853)-v. 85, no. 59 (Mar. 11, 1914).</subfield></datafield><datafield ind1=" " ind2=" " tag="500"><subfield code="a">Weekly but issued in two different sections, part one on Friday, part two on Tuesday, both labeled with the same date.</subfield></datafield><datafield ind1=" " ind2=" " tag="500"><subfield code="a">Whig, 1853-1854; Republican, 1855-1914.</subfield></datafield><datafield ind1=" " ind2=" " tag="515"><subfield code="a">First issue(s) of many years misdated: Vol. 38, no. 2 (Jan. 1, 1867) called 1866; v. 52, no. 1 (Jan. 4, 1881) misdated 1880; v. 53, no. 1 (Jan. 3, 1882) misdated 1881; v. 55, no. 1 (Jan. 1, 1884) called 1883; v. 62, no. 1-4 (Jan. 6-27, 1891) misdated 1890.</subfield></datafield><datafield ind1=" " ind2=" " tag="580"><subfield code="a">Daily eds.: Daily reflector (Norwalk, Ohio), 1882-1913; and: Norwalk reflector-herald (Norwalk, Ohio : 1913), 1913-1914.</subfield></datafield><datafield ind1=" " ind2="0" tag="651"><subfield code="a">Norwalk (Ohio)</subfield><subfield code="v">Newspapers.</subfield></datafield><datafield ind1=" " ind2="0" tag="651"><subfield code="a">Huron County (Ohio)</subfield><subfield code="v">Newspapers.</subfield></datafield><datafield ind1=" " ind2="7" tag="655"><subfield code="a">Newspapers.</subfield><subfield code="2">fast</subfield><subfield code="0">(OCoLC)fst01423814</subfield></datafield><datafield ind1=" " ind2="7" tag="651"><subfield code="a">Ohio</subfield><subfield code="z">Huron County.</subfield><subfield code="2">fast</subfield><subfield code="0">(OCoLC)fst01216379</subfield></datafield><datafield ind1=" " ind2="7" tag="651"><subfield code="a">Ohio</subfield><subfield code="z">Norwalk.</subfield><subfield code="2">fast</subfield><subfield code="0">(OCoLC)fst01222900</subfield></datafield><datafield ind1=" " ind2=" " tag="752"><subfield code="a">United States</subfield><subfield code="b">Ohio</subfield><subfield code="c">Huron</subfield><subfield code="d">Norwalk.</subfield></datafield><datafield ind1="1" ind2=" " tag="775"><subfield code="t">Daily reflector (Norwalk, Ohio)</subfield><subfield code="w">(DLC)sn 84028414</subfield><subfield code="w">(OCoLC)11026153</subfield></datafield><datafield ind1="1" ind2=" " tag="775"><subfield code="t">Norwalk reflector-herald (Norwalk, Ohio : 1913)</subfield><subfield code="w">(DLC)sn 84028415</subfield><subfield code="w">(OCoLC)11035518</subfield></datafield><datafield ind1="0" ind2="0" tag="780"><subfield code="t">Huron reflector</subfield><subfield code="w">(DLC)sn 84028409</subfield><subfield code="w">(OCoLC)11025915</subfield></datafield></record>